<?xml version="1.0" encoding="UTF-8"?><collection xmlns="http://www.loc.gov/MARC21/slim"><record><leader>00455nam--2200145-i-4500</leader><controlfield tag="001">000046651</controlfield><controlfield tag="002">20161230</controlfield><controlfield tag="005">20161230201046</controlfield><controlfield tag="008">060222s1000------------r-----000-0-eng-d</controlfield><datafield ind1=" " ind2=" " tag="080"><subfield code="a">669-17(043)</subfield></datafield><datafield ind1=" " ind2=" " tag="100"><subfield code="a">Vialaret, Pierre</subfield></datafield><datafield ind1=" " ind2=" " tag="245"><subfield code="a">Etude des defauts ponctuels dans le zirconium ecroul ou irradie a basse temperature. these</subfield></datafield><datafield ind1=" " ind2=" " tag="260"><subfield code="a">Paris, Univ.De Paris, 1973, /P.Dif.</subfield></datafield><datafield ind1=" " ind2=" " tag="490"><subfield code="a">Article Principal Recouvrant En Partie La These</subfield></datafield><datafield ind1=" " ind2=" " tag="852"><subfield code="a">40295</subfield></datafield></record></collection>